@article{fake_citation,
    author = {Knuth, Donald E.},
    title = {Structured Programming with \textit{Go to} Statements},
    year = {1974},
    issue_date = {Dec. 1974},
    publisher = {Association for Computing Machinery},
    address = {New York, NY, USA},
    volume = {6},
    number = {4},
    issn = {0360-0300},
    url = {https://doi.org/10.1145/356635.356640},
    doi = {10.1145/356635.356640},
    journal = {ACM Comput. Surv.},
    month = dec,
    pages = {261–301},
    numpages = {41}
}

@article{learn-by-teaching,
    author = {David Duran},
    title = {Learning-by-teaching. Evidence and implications as a pedagogical mechanism},
    journal = {Innovations in Education and Teaching International},
    volume = {54},
    number = {5},
    pages = {476--484},
    year = {2017},
    publisher = {Routledge},
    doi = {10.1080/14703297.2016.1156011},
    URL = {https://doi.org/10.1080/14703297.2016.1156011},
    eprint = { https://doi.org/10.1080/14703297.2016.1156011}
}

@online{mongodb,
    title = {MongoDB},
    url = {https://www.mongodb.com/},
    note = {Visited on 05/25/2024}
}

@online{mongodb-custom-repositories,
    author = {Dan Geabunea},
    title = {How to Create a Custom MongoDB Spring Data Repository},
    year = {2023},
    URL = {https://medium.com/@dangeabunea/how-to-create-a-custom-mongodb-spring-data-repository-e51c343064e1},
    note = {Visited on 05/14/2024}
}

@online{baeldung-spring-exceptions,
    author = {Eugen Paraschiv},
    title = {Error Handling for REST with Spring},
    url = {https://www.baeldung.com/exception-handling-for-rest-with-spring},
    note = {Visited on 05/15/2024}
}

@online{baeldung-mockito,
    author = {Eugen Paraschiv},
    title = {Getting Started with Mockito @Mock, @Spy, @Captor and @InjectMocks},
    url = {https://www.baeldung.com/mockito-annotations},
    note = {Visited on 05/17/2024}
}

@online{docker,
    title = {Docker},
    url = {https://www.docker.com/},
    note = {Visited on 05/25/2024}
}

@online{docker-compose,
    title = {Docker Compose},
    url = {https://docs.docker.com/compose/},
    note = {Visited on 05/25/2024}
}

@online{springboot,
  title        = {Spring Boot},
  url          = {https://spring.io/projects/spring-boot},
  note         = {Visited on 05/25/2024}
}

@online{apache-maven,
  title        = {Apache Maven},
  url          = {https://maven.apache.org/},
  note         = {Visited on 05/25/2024}
}

@online{springboot-loader-properties,
  author       = {Webb, Phillip and Syer, Dave and Long, Josh and Nicoll, St{\'e}phane and Winch, Rob and Wilkinson, Andy and Overdijk, Marcel and Dupuis, Christian and Deleuze, S{\'e}bastien and Simons, Michael and others},
  title        = {Spring Boot Reference Documentation},
  year         = {2020},
  url          = {https://docs.spring.io/spring-boot/docs/current/reference/html/executable-jar.html},
  note         = {Visited on 05/10/2024}
}

@online{junit5,
  author       = {Bechtold, Stefan and Brannen, Sam and Link, Johannes and Merdes, Matthias and Philipp, Marc and de Rancourt, Juliette and Stein, Christian},
  title        = {JUnit 5 User Guide},
  url          = {https://junit.org/junit5/docs/current/user-guide/},
  note         = {Visited on 05/17/2024},
}

@online{springsecurity-github-issue-failhandler,
    author = {Josh Cummings},
    title = {BearerTokenAuthenticationFilter prevents failureHandler from handling AuthenticationServiceException causing unhandled exception},
    url = {https://github.com/spring-projects/spring-security/issues/10818#issuecomment-1034234544},
    note = {Visited on 05/16/2024}
}

@online{hikaricp,
    author = {Brett Wooldridge},
    title = {HikariCP: A solid, high-performance, JDBC connection pool at last.},
    year = {2013},
    url = {https://github.com/brettwooldridge/HikariCP},
    note = {Visited on 05/11/2024}
}

@online{spring-data,
  title        = {Spring Data},
  url          = {https://spring.io/projects/spring-data},
  note         = {Visited on 05/11/2024}
}

@online{spring-data-repositories,
  title        = {Working with Spring Data Repositories},
  url          = {https://docs.spring.io/spring-data/data-commons/docs/1.6.1.RELEASE/reference/html/repositories.html},
  note         = {Visited on 05/13/2024}
}

@online{spring-security-resource-server,
    title = {OAuth 2.0 Resource Server JWT},
    url = {https://docs.spring.io/spring-security/reference/servlet/oauth2/resource-server/jwt.html},
    note = {Visited on 05/16/2024}
}

@online{vite-guide,
  title        = {Vite Guide},
  url          = {https://vitejs.dev/guide/why},
  note         = {Visited on 05/11/2024}
}

@online{remix-docs,
  title        = {Remix Docs},
  url          = {https://remix.run/docs/en/main/discussion/introduction},
  note         = {Visited on 05/11/2024}
}

@online{remix-vs-next-according-to-remix,
  author       = {Ryan Florence},
  title        = {Remix Blog},
  url          = {https://remix.run/blog/remix-vs-next},
  note         = {Visited on 05/11/2024}
}

@online{nx-docs,
  title        = {Nx Docs},
  url          = {https://nx.dev/getting-started/intro},
  note         = {Visited on 05/11/2024}
}

@online{nextjs-app-router,
  title        = {Next.js Docs - App Router},
  url          = {https://nextjs.org/docs/app},
  note         = {Visited on 05/11/2024}
}

@online{nextjs-app-router-folders,
  title        = {Next.js Docs - Project Structure},
  url          = {https://nextjs.org/docs/getting-started/project-structure},
  note         = {Visited on 05/18/2024}
}

@online{nextjs-env-variables,
    title = {Next.js Docs - Environment Variables},
    url = {https://nextjs.org/docs/pages/building-your-application/configuring/environment-variables},
    note = {Visited on 05/18/2024}
}

@online{react-folder-structure,
    author = {Kyle Cook},
    title = {How To Structure React Projects From Beginner To Advanced},
    url = {https://blog.webdevsimplified.com/2022-07/react-folder-structure/},
    note = {Visited on 05/19/2024}
}

@online{codemirror,
    title = {CodeMirror - Extensible Code Editor},
    url = {https://codemirror.net/},
    note = {Visited on 05/24/2024}
}

@online{tiptap,
    title = {TipTap Docs},
    url = {https://tiptap.dev/docs/editor/introduction},
    note = {Visited on 05/27/2024}
}

@online{prismjs,
    title = {PrismJS},
    url = {https://prismjs.com/},
    note = {Visited on 05/27/2024}
}

@online{jsoncrush,
    author = {Frank Force},
    title = {JSONCrush - Compress JSON into URL friendly strings},
    url = {https://github.com/KilledByAPixel/JSONCrush},
    note = {Visited on 05/27/2024}
}

@online{react-codemirror,
    title = {React CodeMirror},
    url = {https://uiwjs.github.io/react-codemirror/},
    note = {Visited on 5/24/2024}
}

@online{language-server-protocol,
    title = {Language Server Protocol},
    url = {https://microsoft.github.io/language-server-protocol/},
    note = {Visited on 5/25/2024}
}

@online{lezer,
    title = {The Lezer Parser System},
    url = {https://lezer.codemirror.net/},
    note = {Visited on 5/25/2024}
}

@online{lezer-playground,
    title = {Lezer Playground},
    url = {https://lezer-playground.vercel.app/},
    note = {Visited on 5/25/2024}
}

@online{shadcn-components,
    title = {Shadcn Docs},
    url = {https://ui.shadcn.com/docs},
    note = {Visited on 05/19/2024}
}

@online{usehooks-ts,
    title = {usehooks-ts Docs},
    url = {https://usehooks-ts.com/introduction},
    note = {Visited on 05/20/2024}
}

@online{reactflow,
    title = {React Flow},
    url = {https://reactflow.dev/},
    note = {Visited on 05/26/2024}
}

@online{nextjs-installation,
  title        = {Next.js Docs - Installation},
  url          = {https://nextjs.org/docs/getting-started/installation},
  note         = {Visited on 05/11/2024}
}

@online{nextauth,
  title        = {NextAuth.js Docs},
  url          = {https://next-auth.js.org/},
  note         = {Visited on 05/28/2024}
}

@online{prettier,
  title        = {Prettier Docs},
  url          = {https://prettier.io/docs/en/},
  note         = {Visited on 05/11/2024}
}

@online{swr,
  title        = {SWR Docs},
  url          = {https://swr.vercel.app/},
  note         = {Visited on 05/29/2024}
}

@online{project-lombok,
  author       = {Roel Spilker, Reinier Zwitserloot},
  title        = {Project Lombok},
  url          = {https://projectlombok.org/},
  note         = {Visited on 05/25/2024}
}

@online{mapstruct,
  author       = {Gunnar Morling},
  title        = {MapStruct},
  url          = {https://mapstruct.org/},
  note         = {Visited on 05/25/2024}
}

@online{h2,
  author       = {Thomas Mueller},
  title        = {H2 Database Engine},
  url          = {https://www.h2database.com/html/main.html},
  note         = {Visited on 05/25/2024}
}

@online{postgresql,
  title        = {PostgreSQL},
  url          = {https://www.postgresql.org/},
  note         = {Visited on 05/25/2024}
}

@online{postman,
  title        = {Postman},
  url          = {https://www.postman.com/},
  note         = {Visited on 05/25/2024}
}

@online{designoop,
  author = {Dragoș-Dumitru Ghinea},
  title = {DesignOOP - Design Patterns Visualizer Web Platform},
  url = {https://github.com/DragosGhinea/DesignOOP},
  year = {2024},
  note = {Visited on 05/29/2024}
}
